2776 4770
1165 252 1216 321 P
1230 226 1296 322 'R
1309 226 1436 321 ΑΕ
1451 252 1576 321 FA
1589 248 1802 345 Tm.
1867 264 1874 271 ·

334 424 484 496 ‘Nec
511 402 666 511 opuffe
684 372 830 490 :erat
859 420 1183 490 artificiosa
1227 393 1694 488 adumbratione
1736 425 2065 510 alienoque
2107 420 2361 515 confilio
2391 386 2624 508 'fimpn-

224 566 234 586 ¹
342 532 487 610 ‘cem
512 540 1033 619 voluminosorum
1063 559 1321 622 operum
1339 587 1355 616 ‚
1416 558 1571 625 quae
1603 543 1772 607 mole
1800 543 2087 608 laborant
2110 541 2211 606 sua
2226 590 2243 619 ,
2276 543 2625 626 ³epitomen

348 660 751 751 promittenti.
868 656 1046 734 Quae
1086 679 1230 723 eum
1271 654 1365 722 ita
1402 657 1519 721 fint
1536 705 1551 731 ‚
1589 656 1793 743 ‘facile
1836 669 2119 763 apparet,
2190 658 2629 751 impudentifl'i-

344 784 522 848 ’mum
547 779 724 844 illum
753 776 1067 842 censorem
1093 785 1291 840 totam
1316 774 1775 857 narrationem,
1819 797 1942 861 quo
1988 798 2162 843 meae
2209 779 2626 863 qualicunque

274 948 283 953 .
348 895 780 962 existimationi
808 896 1097 1003 damnum
1123 892 1416 969 inferret,
1475 892 1681 956 dedita
1723 913 1912 978 opera
1957 893 2329 960 confinxifl‘e.
2428 894 2628 979 Equi

350 1015 495 1079 dem
536 1014 685 1099 quid
723 984 1041 1077 hominetn
1091 1013 1159 1075 in
1199 1030 1301 1074 me
1347 1006 1787 1089 concitauerit,
1856 1011 2170 1099 ipsumque
2209 1014 2345 1079 eius
2384 1014 2624 1076 nomen

346 1133 596 1217 ignoro.
684 1128 995 1215 Quicquid
1023 1141 1231 1192 tamen
1257 1125 1359 1202 fit,
1407 1126 1592 1190 huius
1620 1125 1878 1191 furfuris
1908 1131 2256 1195 censoribus
2286 1151 2388 1194 me
2423 1127 2628 1214 displi-

208 1268 231 1277 ··
348 1256 495 1314 bere
536 1247 690 1349 mihi
731 1246 966 1328 semper
1003 1242 1495 1330 gloriofiffimum
1540 1246 1751 1331 putaui
1803 1257 1871 1309 et
1912 1247 1978 1310 in
2018 1246 2324 1328 posterum
2363 1246 2623 1332 putabo,

350 1366 683 1432 Caeterum
711 1364 758 1429 fi
797 1365 938 1449 quis
979 1363 1300 1428 beneuolis
1341 1372 1440 1425 tot
1486 1363 1760 1428 virorum
1804 1361 2287 1431 doffiflimorum
2329 1365 2631 1447 partium·

350 1500 474 1573 que
503 1482 699 1548 studio
725 1500 1063 1546 vacuorum
1078 1524 1100 1556 ,
1153 1481 1261 1566 qui
1303 1481 1368 1553 in
1403 1476 1716 1564 plerisque
1747 1480 1956 1544 diariis
1988 1494 2174 1567 atque
2219 1479 2635 1568 ephemeridi-

252 1590 273 1607 ‘
338 1588 472 1669 ⁸bus
501 1584 819 1665 litterariis
841 1647 861 1682 ,
908 1599 1230 1684 proximis
1267 1596 1430 1663 hisce
1472 1598 1644 1660 anni·
1692 1596 1875 1662 editis
1916 1595 2284 1663 Gloffarium
2322 1599 2442 1661 hoc
2483 1598 2633 1665 orbi

353 1719 631 1785 litterato
662 1716 1174 1814 commendauere
1191 1762 1210 1798 ‚
1264 1713 1512 1819 iudiciis
1551 1712 1821 1793 diffidat,
1858 1735 2004 1780 eum
2046 1724 2119 1783 vt
2152 1715 2276 1800 ipsa
2303 1714 2644 1783 Fresnii‘et

350 1832 741 1919 carpentarii
779 1850 968 1919 opera
1006 1832 1260 1895 euoluat
1304 1841 1372 1895 et
1405 1808 1553 1895 cum
1605 1832 1724 1898 hac
1777 1852 1997 1899 eorum
2034 1835 2311 1919 epitome
2344 1828 2640 1900 conferat

330 1936 554 2034 'rog05
607 1950 775 2035 quod
804 1947 851 2013 fi
874 1949 1130 2030 fecerit,
1182 1948 1356 2031 spero
1384 1970 1528 2014 eum
1558 1949 1709 2014 mihi
1741 1928 1955 2015 testem
1980 1952 2260 2018 flaturum
2275 2000 2296 2038 ‚
2351 1973 2456 2018 me
2490 1974 2629 2019 rnu-

357 2088 508 2133 nere
528 2058 807 2152 suscepto
834 2087 961 2132 non
991 2067 1393 2152 indiligenter
1414 2065 1535 2131 effe
1566 2064 1979 2152 perfunffinn.

357 2320 367 2329 ·
494 2382 505 2388 ,
554 2299 864 2377 Quartum
907 2300 1031 2364 hoc
1079 2300 1376 2366 volumen
1425 2299 1613 2385 paulo
1660 2299 1849 2368 serius
1894 2321 2078 2390 quam
2116 2305 2510 2389 promiseram
2551 2296 2628 2372 iti

352 2417 669 2503 publicum
711 2417 951 2504 prodit,
1015 2435 1143 2482 non
1191 2439 1330 2482 mea
1375 2427 1587 2483 tamen
1629 2420 1843 2502 culpa,
1877 2389 2004 2507 ⁸qui
2030 2417 2380 2507 exemplum
2410 2447 2629 2495 manu-

354 2535 675 2618 scriptum,
733 2538 858 2599 iam
902 2544 1046 2598 ante
1089 2533 1319 2599 aunum
1355 2547 1422 2599 et
1455 2536 1622 2619 quod
1662 2539 1933 2601 excurrit
1952 2588 1966 2614 ,
2020 2540 2396 2624 bibliopolae
2427 2554 2630 2610 trans-

351 2652 519 2736 mifl5
558 2654 683 2718 -sed
720 2661 974 2738 propter
1016 2652 1231 2736 procla
1274 2647 1415 2716 aliis
1462 2653 1665 2737 iisque
1713 2655 2063 2722 necessariis
2095 2659 2408 2725 laboribus
2441 2684 2632 2730 occu-

352 2779 515 2852 pata.
613 2770 757 2845 Qua
784 2790 961 2833 mora
984 2770 1111 2834 iarn
1137 2769 1402 2853 sublata,
1455 2770 1771 2835 volumina
1801 2753 1958 2859 quae
1991 2774 2331 2861 supersunt,
2388 2783 2636 2847 redem-'
2775 2773 2776 2782 ¹

353 2887 596 2951 toribus
648 2885 807 2951 iusto
857 2896 1141 2971 tempore
1198 2904 1385 2975 quam
1441 2890 1762 2953 certiffime
1810 2892 2151 2958 tradentur.
2262 2894 2624 2966 scribebam

354 3000 591 3099 Lipsiae
620 3004 678 3070 d.
714 2999 953 3075 XXVI‘.
975 3004 1179 3092 April.
1214 3003 1743 3112 MDCCLXXVI.

1164 3581 1165 3586 ι
1253 3509 1394 3634 ιο.
1436 3459 2050 3599 CHR18TOPH.
2087 3465 2622 3602 A'DELVNG.
