2776 4770
1089 188 1734 275 PRAEFATIO.

285 376 412 450 tur,
448 365 552 433 vel
582 364 995 453 suppeditatae
1026 386 1064 429 a
1090 365 1303 452 priore
1323 365 1617 453 scriptore
1645 383 1874 432 vocum
1902 363 2319 431 deriuationes
2346 354 2552 433 emen·

284 488 603 553 dabantur.
689 482 765 547 Id
791 492 1001 547 tamen
1029 458 1209 549 velut*
1231 484 1400 551 aliud
1433 500 1628 568 agens
1655 501 1910 568 egeram
1925 530 1943 560 ,
2005 481 2308 570 profefl'us
2332 484 2399 547 in
2421 480 2549 567 ipsa

283 603 669 689 praefatione
687 646 706 681 ‚
762 621 910 682 „me
958 621 1033 665 ea
1060 609 1305 671 tantum
1340 598 1626 666 addidisse
1664 601 1998 693 vocabula,
2055 624 2212 689 quae
2238 601 2357 675 sese
2382 598 2552 686 quafi
2609 668 2620 675 ,

281 722 490 813 „yltro
519 718 893 796 obtulerint,
953 739 1144 805 quum
1172 719 1297 784 hoc
1328 708 1560 783 conatu
1586 720 1798 803 potius
1839 720 1997 784 alios
2040 720 2117 784 ad
2145 719 2549 804 supplendum

280 850 389 925 „et
443 837 799 923 augendum
837 843 1169 925 Vtrumque
1225 835 1594 903 Gloffirium
1639 837 1912 902 excitare
1956 839 2292 913 voluerim,
2358 852 2549 920 quam

228 936 229 939 Ἴ
276 957 452 1047 „ipse
488 957 938 1040 hancspartem.
959 953 1314 1040 suscipere„
1439 955 1537 1035 Eg<
1578 974 1704 1040 quo
1735 957 1883 1041 quid
1908 957 2063 1021 mihi
2090 954 2324 1021 confilii
2353 944 2550 1017 fuerit

276 1075 418 1141 satis
463 1080 737 1156 apparet.
864 1070 1151 1165 Scilicet,
1208 1072 1354 1137 finis
1386 1073 1620 1139 laboris
1663 1085 1828 1150 erat,
1888 1073 2163 1155 epitome
2202 1069 2435 1137 Fresnii
2479 1075 2547 1130 et

274 1191 662 1279 carpentarii
678 1239 697 1267 ‚
742 1188 1161 1272 supplementa
1188 1202 1396 1256 autem
1425 1176 1668 1256 tantum
1697 1204 1904 1276 pauca*
1922 1210 2119 1275 eaque
2146 1190 2410 1266 maxime
2438 1186 2546 1249 ob·

273 1305 379 1376 u'ia
410 1312 774 1374 adieceram.
898 1307 1085 1383 Quod
1113 1330 1257 1373 cum
1284 1310 1372 1373 ita
1414 1308 1475 1372 se
1502 1309 1796 1395 haberet,
1835 1309 1902 1371 in
1926 1299 2314 1393 seq'uentibus
2348 1304 2545 1371 tom‘is

161 1512 165 1516 .
270 1425 380 1492 ista
423 1425 846 1509 supplementa
880 1423 1007 1489 fine
1053 1425 1429 1489 detrimento
1473 1425 1617 1488 libri
1661 1425 2071 1510 praetermitti
2098 1424 2265 1512 posse
2303 1421 2539 1509 putaui.

266 1544 571 1609 Videbam
600 1545 768 1607 enim
799 1541 933 1626 post
962 1541 1327 1626 scriptorum
1355 1540 1612 1606 istorum
1639 1541 2023 1605 Gallicorum
2050 1539 2303 1606 messem
2334 1538 2545 1619 copio-
2629 1558 2638 1568 ’

263 1659 466 1725 fissimi
512 1658 812 1744 supereffe
860 1659 1164 1744 spicilegii
1209 1658 1568 1741 materiam,
1632 1658 1880 1733 auctam
1940 1678 2019 1721 eo
2070 1636 2202 1743 ipso
2237 1656 2540 1741 temporis
2595 1694 2600 1697 -

252 1778 455 1861 ,spatio
475 1824 495 1854 ,
541 1790 664 1862 quo
692 1775 979 1843 Glofl‘arii
1007 1776 1195 1840 huius
1225 1775 1545 1843 volumina
1584 1777 2040 1842 excudebantur
2068 1798 2090 1853 ;
2142 1775 2308 1862 quod
2348 1793 2538 1837 nemo

257 1892 503 1958 inficias
528 1894 678 1977 ibit,
732 1895 839 1980 qui
866 1904 1110 1979 praeter
1137 1893 1463 1977 ingentem
1507 1860 1871 1977 scriptorum
1912 1907 2096 1981 atque
2126 1893 2540 1978 diplomatum

254 2015 500 2098 copiam
553 2022 698 2079 ante
748 2013 1112 2077 memoriam
1155 2010 1424 2075 nostram
1464 2012 1532 2075 in
1572 2010 1905 2076 Germania
1942 2012 2011 2075 in
2047 2011 2256 2075 lucem
2299 2018 2535 2093 protra-
2609 2008 2618 2015 ’

259 2128 457 2206 Ram,
505 2149 771 2215 quorum
794 2126 1089 2214 pleraque
1120 2147 1200 2192 ne
1231 2130 1299 2193 in
1325 2131 1642 2195 notitiam·
1653 2131 1903 2215 quidem
1933 2128 2258 2195 Gallorum
2282 2142 2535 2205 venere,

249 2248 352 2312 vel
378 2269 461 2311 ea
496 2248 575 2311 ad
600 2248 877 2313 animum
913 2244 1186 2321 reuocet,
1238 2265 1398 2331 quae
1438 2244 1779 2314 nouissimis
1819 2248 1979 2311 hisce
2012 2246 2189 2311 annis
2220 2241 2529 2309 clarissimi

255 2365 375 2430 viri
400 2362 944 2446 WiirdtweiniuS,
996 2360 1456 2464 Schoepflinius
1493 2367 1559 2430 in
1590 2384 1780 2452 opere
1812 2364 2109 2450 postumo,
2153 2352 2534 2442 GerkeniuS,

249 2483 517 2568 denique
565 2483 713 2547 socii
772 2482 1251 2546 Academiarum
1303 2475 1783 2550 Manhemienfis
1833 2494 2036 2570 atque·
2078 2472 2532 2546 Monachienfis

250 2601 484 2683 publici
534 2602 690 2665 iuris
739 2599 1043 2665 fecerunt.
1168 2596 1305 2663 Iam
1346 2599 1504 2666 haec
1543 2599 1781 2687 fingula
1811 2571 2144 2689 quominus
2173 2573 2533 2662 excuterem

249 2727 318 2781 et
350 2719 415 2781 in
442 2737 624 2798 meos
663 2716 801 2780 vsus
832 2724 1267 2781 conuertetem
1297 2721 1601 2803 temporis
1643 2719 1780 2784 aliis
1822 2720 2030 2804 iisque
2065 2713 2414 2807 neceli‘ariis
2442 2711 2528 2775 la·

253 2834 507 2904 boribus
524 2882 545 2916 ‚
613 2834 883 2898 maxime
928 2842 1138 2900 amem
1179 2834 1498 2906 Gloflhrio.
1530 2836 1906 2908 Germanico
1947 2833 2322 2899 elaborando
2355 2827 2530 2896 desti·

255 2953 386 3015 nati
415 2949 695 3036 angustia
725 2951 1115 3016 excludebat.
1223 2950 1448 3039 Itaque
1490 2956 1736 3020 etmihi
1764 2964 1833 3018 et
1870 2973 2025 3016 vero
2055 2951 2243 3015 etiam
2265 2947 2413 3031 ipfis
2441 2945 2528 3009 le·

188 3088 194 3094 ·
256 3064 503 3140 &orum
549 3071 897 3136 commodis
932 3070 1160 3136 melius
1208 3090 1312 3136 me
1358 3071 1781 3144 consulturum
1837 3071 2157 3170 putabam,
2213 3066 2261 3129 fi
2293 3064 2543 3151 supple·

258 3197 615 3250 mentorum
668 3185 1193 3271 colligendorum
1226 3187 1544 3255 laborem
1553 3190 1622 3253 in
1657 3189 1828 3255 alind
1869 3198 2122 3270 tempus
2164 3186 2524 3265 reficerem,

227 3320 383 3385 quo
399 3348 417 3384 ,
475 3322 808 3387 paucarum
852 3305 1239 3370 additionum
1282 3316 1469 3391 atque
1505 3305 2003 3372 obseruationum
2042 3305 2185 3369 loco
2215 3351 2235 3385 ‚
2301 3303 2525 3388 quales

258 3420 463 3499 Primo
509 3428 684 3485 tomo
729 3420 1167 3505 ailbei-stram,
1230 3442 1371 3488 rem
1426 3424 1623 3490 [erius
1670 3443 1860 3508 agere
1900 3431 1968 3486 et
2013 3438 2414 3506 quaecunque
2457 3421 2537 3488 in

257 3537 683 3606 monumentis
736 3539 1113 3636 antiquiom
1153 3541 1329 3625 aeui,
1380 3557 1629 3626 praeter
1679 3561 1957 3626 eaquae
2000 3539 2313 3606 duunmiri
2358 3535 2532 3602 Galli
2653 3541 2662 3548 “

258 3670 600 3736 eorumque
639 3653 786 3720 socii
824 3655 1217 3743 congeffere,
1266 3681 1380 3747 pro
1405 3659 1668 3726 instituti
1694 3661 1822 3724 mei
1850 3661 2126 3740 ratione,
2171 3663 2536 3721 memomtu

258 3768 447 3852 digna
472 3769 871 3857 videbuntur,
907 3795 1053 3840 cum
1077 3771 1225 3843 cu'ra
1253 3778 1557 3865 colligere
1585 3778 1983 3865 separatoque
2010 3775 2329 3844 volumine
2353 3793 2526 3839 com·

257 3883 484 3972 pieni,
521 3887 932 3962 miffiuoebzt.

2315 4123 2526 4212 Atque
